<?xml version="1.0" encoding="UTF-8"?><collection xmlns="http://www.loc.gov/MARC21/slim"><record><leader>00284nam--2200109-i-4500</leader><controlfield tag="001">000022347</controlfield><controlfield tag="002">20161230</controlfield><controlfield tag="005">20161230201034</controlfield><controlfield tag="008">060222s1000------------r-----000-0-eng-d</controlfield><datafield ind1=" " ind2=" " tag="100"><subfield code="a">Harris, Louis And Loeb,A.L</subfield></datafield><datafield ind1=" " ind2=" " tag="260"><subfield code="a">New York, Mcgraw-hill Book Co,Inc., 1963. Xvi + 300 P</subfield></datafield><datafield ind1=" " ind2=" " tag="852"><subfield code="a">13879</subfield></datafield></record></collection>